<?xml version="1.0" encoding="UTF-8"?><record xmlns="http://www.loc.gov/MARC21/slim" xmlns:cinclude="http://apache.org/cocoon/include/1.0" xmlns:zs="http://www.loc.gov/zing/srw/">
  <leader>00440nz  a2200145n  4500</leader>
  <controlfield tag="001">no2002101128</controlfield>
  <controlfield tag="003">DLC</controlfield>
  <controlfield tag="005">20021106052141.0</controlfield>
  <controlfield tag="008">021105n| acannaabn          |a aaa     c</controlfield>
  <datafield tag="010" ind1=" " ind2=" ">
    <subfield code="a">no2002101128</subfield>
  </datafield>
  <datafield tag="035" ind1=" " ind2=" ">
    <subfield code="a">(OCoLC)oca05904886</subfield>
  </datafield>
  <datafield tag="040" ind1=" " ind2=" ">
    <subfield code="a">FU</subfield>
    <subfield code="b">eng</subfield>
    <subfield code="c">FU</subfield>
  </datafield>
  <datafield tag="100" ind1="1" ind2=" ">
    <subfield code="a">Jimeﾌ］ez Castro, Alvaro</subfield>
  </datafield>
  <datafield tag="400" ind1="1" ind2="0">
    <subfield code="a">Castro, Alvaro Jimeﾌ］ez</subfield>
  </datafield>
  <datafield tag="670" ind1=" " ind2=" ">
    <subfield code="a">Medio siglo de contribucioﾌ］ al progreso nacional, 1941-1991, 2001:</subfield>
    <subfield code="b">t.p. (Alvaro Jimeﾌ］ez Castro)</subfield>
  </datafield>
</record>